@book{Bagga2021,
    address   = {Singapur},
    author    = {Bagga, Simmi and Sharma, Anil},
    pages     = {51\psqq},
    publisher = {Springer Singapore},
    title     = {{A Comparative Study of NoSQL Databases}},
    year      = {2021}
}

@book{Wagner2019,
    address   = {Wiesbaden},
    author    = {Wagner, Waldemar},
    pages     = {9\psq, 17},
    publisher = {Springer Fachmedien Wiesbaden},
    title     = {{Nichtlineare Zeitreihenanalyse als neue Methode für Eventstudien}},
    year      = {2019}
}

@book{Chan2019,
    address   = {Singapur},
    author    = {Chan, Raymond H. and Guo, Yves ZY. and Lee, Spike T. and Li, Xun},
    pages     = {35},
    publisher = {Springer Singapore},
    title     = {{Financial Mathematics, Derivatives and Structured Products}},
    year      = {2019}
}

@book{Grundmann2021,
    address   = {Wiesbaden},
    author    = {Grundmann, Wolfgang and Rathner, Rudolf},
    pages     = {110},
    publisher = {Springer Fachmedien Wiesbaden},
    title     = {{Bankwirtschaft, Rechnungswesen und Steuerung, Wirtschafts- und Sozialkunde}},
    year      = {2021}
}

@book{Daume2021,
    address   = {Wiesbaden},
    author    = {Daume, Peggy},
    pages     = {61\psqq},
    publisher = {Springer Fachmedien Wiesbaden},
    title     = {{Finanz- und Wirtschaftsmathematik im Unterricht Band 1}},
    year      = {2016}
}

@misc{Coenen2020,
    author       = {Coenen, Peter},
    title        = {{The weekend effect}},
    howpublished = {\url{http://arno.uvt.nl/show.cgi?fid=129516}},
    year         = {o. D.},
    note         = {Zugriff: 2021-06-24}
}

@misc{YahooFinanceSources,
    author       = {{Yahoo Finanzen}},
    title        = {{Börsen und Datenanbieter auf Yahoo Finanzen}},
    howpublished = {\url{https://help.yahoo.com/kb/finance-for-web/SLN2310.html?locale=de_DE}},
    year         = {o. D.},
    note         = {Zugriff: 2021-06-24}
}

@misc{OrientDBBindings,
    author       = {{Orient Technologies LTD}},
    title        = {{APIs and Drivers}},
    howpublished = {\url{http://orientdb.com/docs/2.2.x/Programming-Language-Bindings.html}},
    year         = {2017},
    note         = {Zugriff: 2021-06-24}
}

@misc{OrientDBStudio,
    author       = {{Orient Technologies LTD}},
    title        = {{Studio}},
    howpublished = {\url{http://orientdb.com/docs/2.2.x/Studio-Home-page.html}},
    year         = {2016},
    note         = {Zugriff: 2021-06-24}
}

@misc{OrientDBSQL,
    author       = {{Orient Technologies LTD}},
    title        = {{SQL Reference}},
    howpublished = {\url{http://orientdb.com/docs/2.2.x/SQL.html}},
    year         = {2018},
    note         = {Zugriff: 2021-06-24}
}

@misc{OrientDBCommands,
    author       = {{Orient Technologies LTD}},
    title        = {{Commands}},
    howpublished = {\url{http://orientdb.com/docs/2.2.x/Commands.html}},
    year         = {2017},
    note         = {Zugriff: 2021-06-24}
}

@misc{OrientDBClusters,
    author       = {{Orient Technologies LTD}},
    title        = {{Clusters}},
    howpublished = {\url{http://orientdb.com/docs/2.2.x/Tutorial-Clusters.html}},
    year         = {2017},
    note         = {Zugriff: 2021-06-24}
}

@misc{OrientDBDistributedArchitecture,
    author       = {{Orient Technologies LTD}},
    title        = {{Scaling}},
    howpublished = {\url{http://orientdb.com/docs/2.2.x/Distributed-Architecture.html}},
    year         = {2020},
    note         = {Zugriff: 2021-06-24}
}

@misc{OrientDBGettingStarted,
    author       = {{Orient Technologies LTD}},
    title        = {{Getting Started}},
    howpublished = {\url{http://orientdb.com/docs/2.2.x/Tutorial-Introduction-to-the-NoSQL-world.html}},
    year         = {2016},
    note         = {Zugriff: 2021-06-24}
}

@misc{OrientDBTransactions,
    author       = {{Orient Technologies LTD}},
    title        = {{Transaction}},
    howpublished = {\url{http://orientdb.com/docs/2.2.x/Transactions.html}},
    year         = {2017},
    note         = {Zugriff: 2021-06-24}
}

@misc{OrientDBTypes,
    author       = {{Orient Technologies LTD}},
    title        = {{Types}},
    howpublished = {\url{https://github.com/orientechnologies/orientdb-docs/blob/2.2.x/Types.md}},
    year         = {2017},
    note         = {Zugriff: 2021-06-24}
}

@misc{OrientDBClasses,
    author       = {{Orient Technologies LTD}},
    title        = {{Classes}},
    howpublished = {\url{https://github.com/orientechnologies/orientdb-docs/blob/2.2.x/Tutorial-Classes.md}},
    year         = {2017},
    note         = {Zugriff: 2021-06-24}
}

@misc{OrientDBIndexes,
    author       = {{Orient Technologies LTD}},
    title        = {{Indexes}},
    howpublished = {\url{https://orientdb.com/docs/2.2.x/Indexes.html}},
    year         = {2017},
    note         = {Zugriff: 2021-06-24}
}